@inproceedings{Boehm,
author = {Boehm, Barry William and Brown, John R and Lipow, Myron},
booktitle = {Proceedings of the 2nd international conference on Software engineering},
pages = {592--605},
title = {Quantitative evaluation of software quality},
year = {1976}
}

@article{Bansiya2002,
author = {Bansiya, Jagdish and Davis, Carl G},
journal = {IEEE Transactions on software engineering},
number = {1},
pages = {4--17},
title = {{A Hierarchical Model for Object-Oriented Design Quality Assessment}},
volume = {28},
year = {2002}
}

@article{coleman1994using,
  title={Using metrics to evaluate software system maintainability},
  author={Coleman, Don and Ash, Dan and Lowther, Bruce and Oman, Paul},
  journal={Computer},
  volume={27},
  number={8},
  pages={44--49},
  year={1994},
}

@article{guimaraes1983managing,
  title={Managing application program maintenance expenditures},
  author={Guimaraes, Tor},
  journal={Communications of the ACM},
  volume={26},
  number={10},
  pages={739--746},
  year={1983},
  publisher={ACM}
}

@misc{fowler1999refactoring,
  title={Refactoring: Improving the design of existing programs},
  author={Fowler, Martin and Beck, Kent and Brant, J and Opdyke, William and Roberts, Don},
  year={1999},
}

@phdthesis{opdyke1992refactoring,
  title={Refactoring: A program restructuring aid in designing object-oriented application frameworks},
  author={Opdyke, William F},
  year={1992},
  school={PhD thesis, University of Illinois at Urbana-Champaign}
}

@article{chikofsky1990reverse,
  title={Reverse engineering and design recovery: A taxonomy},
  author={Chikofsky, Elliot J. and Cross, James H},
  journal={IEEE software},
  volume={7},
  number={1},
  pages={13--17},
  year={1990},
}

@book{martin2009clean,
  title={Clean code: a handbook of agile software craftsmanship},
  author={Martin, Robert C},
  year={2009},
}

@article{murphy2012we,
  title={How we refactor, and how we know it},
  author={Murphy-Hill, Emerson and Parnin, Chris and Black, Andrew P},
  journal={IEEE Transactions on Software Engineering},
  volume={38},
  number={1},
  pages={5--18},
  year={2012},
  publisher={IEEE}
}

@inproceedings{harman2007pareto,
  title={Pareto optimal search based refactoring at the design level},
  author={Harman, Mark and Tratt, Laurence},
  booktitle={Proceedings of the 9th annual conference on Genetic and evolutionary computation},
  pages={1106--1113},
  year={2007},
  organization={ACM}
}

@inproceedings{kessentini2011design,
  title={Design defects detection and correction by example},
  author={Kessentini, Marouane and Kessentini, Wael and Sahraoui, Houari and Boukadoum, Mounir and Ouni, Ali},
  booktitle={2011 19th IEEE International Conference on Program Comprehension},
  pages={81--90},
  year={2011},
  organization={IEEE}
}

@article{ouni2013maintainability,
  title={Maintainability defects detection and correction: a multi-objective approach},
  author={Ouni, Ali and Kessentini, Marouane and Sahraoui, Houari and Boukadoum, Mounir},
  journal={Automated Software Engineering},
  volume={20},
  number={1},
  pages={47--79},
  year={2013},
  publisher={Springer}
}

@article{Silva2014,
author = {Silva, Danilo and Terra, Ricardo and Valente, Marco Tulio},
journal = {22nd IEEE International Conference on Program Comprehension (ICPC)},
pages = {1--12},
title = {{Recommending Automated Extract Method Refactorings}},
year = {2014}
}

@inproceedings{weissgerber2006identifying,
  title={Identifying refactorings from source-code changes},
  author={Weissgerber, Peter and Diehl, Stephan},
  booktitle={Automated Software Engineering, 2006. ASE'06. 21st IEEE/ACM International Conference on},
  pages={231--240},
  year={2006},
  organization={IEEE}
}

@inproceedings{taneja2007automated,
  title={Automated detection of API refactorings in libraries},
  author={Taneja, Kunal and Dig, Danny and Xie, Tao},
  booktitle={Proceedings of the twenty-second IEEE/ACM international conference on Automated software engineering},
  pages={377--380},
  year={2007},
  organization={ACM}
}

@inproceedings{robbes2008spyware,
  title={SpyWare: a change-aware development toolset},
  author={Robbes, Romain and Lanza, Michele},
  booktitle={Proceedings of the 30th international conference on Software engineering},
  pages={847--850},
  year={2008},
  organization={ACM}
}

@inproceedings{Silva2016,
author = {Silva, Danilo and Tsantalis, Nikolaos and Valente, Marco Tulio},
journal = {Proceedings of the 2016 24th ACM SIGSOFT International Symposium on Foundations of Software Engineering - FSE 2016},
pages = {858--870},
title = {{Why we refactor? confessions of GitHub contributors}},
year = {2016}
}
